@article{Nom,
	author = {Auteur},
	title = {Titre},
	subtitle = {Sous titre},
	date = {Année},
	volume = {X},
	number = {XXX},
	url = {.....},
}
@misc{wiki,
	author = {Wikipédia},
	title = {Titre wiki},
	year = {2022},
	url = "http://fr.wikipedia.org/",
	urldate = "2023-06-10"
}
@online{Blabla,
	author = {Bla? bla},
	title = {Blabla},
	date = {2015},
	url = {https://www.youtube.com/watch?v=dQw4w9WgXcQ},
}
@book{AH,
	author = {K.J. Åström and T. Hägglund},
	title = {« PID Controllers : Theory, Design and Tuning », Instrument Society of
America, 2nd edition},
	number = {ISBN:1556175167},
	date = {1995},
}
@manual{ZN,
	author = {J.G. Ziegler, N.B. Nichols},
	title = {Optimum settings for automatic controllers},
	date = {1942},
	url = {http://davidr.no/iiav3017/papers/Ziegler_Nichols_%201942.pdf},
}
@manual{AHAut,
    author = {K.J. Åström and T. Hägglund and C.C., Hang and W.K. Ho},
    title = {Automatic Tuning and Adaptation for PID Controllers - A Survey, Control Engineering Practice},
    year = {1993},
    url = {https://www.sciencedirect.com/science/article/abs/pii/096706619391394C},
}
@manual{Lalou,
    author = {Justin Moncef Lalou},
    title = {Cours Chap 3 Dimenssionnement des régulateurs classiques, méthode experimentales},
}

@techreport{EIVD,
	author = {A. Mudry},
	title = {Ajustage des paramètre d'un régulateur PID},
	institution = {EIVD},
	year = {2002},
	type = {Note d'application},
	address = {},
	month = {}
}

